% Encoding: UTF-8

@Article{calimeri2016angry,
  author    = {Calimeri, Francesco and Fink, Michael and Germano, Stefano and Humenberger, Andreas and Ianni, Giovambattista and Redl, Christoph and Stepanova, Daria and Tucci, Andrea and Wimmer, Anton},
  title     = {Angry-HEX: an artificial player for angry birds based on declarative knowledge bases},
  journal   = {IEEE Transactions on Computational Intelligence and AI in Games},
  year      = {2016},
  volume    = {8},
  number    = {2},
  pages     = {128--139},
  publisher = {IEEE},
}

@InProceedings{zhang2014qualitative,
  author    = {Zhang, Peng and Renz, Jochen and others},
  title     = {Qualitative Spatial Representation and Reasoning in Angry Birds: The Extended Rectangle Algebra.},
  booktitle = {KR},
  year      = {2014},
}

@Article{forbus2002qualitative,
  author    = {Forbus, Kenneth D and Mahoney, James V and Dill, Kevin},
  title     = {How qualitative spatial reasoning can improve strategy game AIs},
  journal   = {IEEE Intelligent Systems},
  year      = {2002},
  volume    = {17},
  number    = {4},
  pages     = {25--30},
  publisher = {IEEE},
}

@Article{forbus1991qualitative,
  author    = {Forbus, Kenneth D and Nielsen, Paul and Faltings, Boi},
  title     = {Qualitative spatial reasoning: The CLOCK project},
  journal   = {Artificial Intelligence},
  year      = {1991},
  volume    = {51},
  number    = {1-3},
  pages     = {417--471},
  publisher = {Elsevier},
}

@Article{ge2016visual,
  author    = {Ge, Xiaoyu and Renz, Jochen and Zhang, Peng},
  title     = {Visual detection of unknown objects in video games using qualitative stability analysis},
  journal   = {IEEE Transactions on Computational Intelligence and AI in Games},
  year      = {2016},
  volume    = {8},
  number    = {2},
  pages     = {166--177},
  publisher = {IEEE},
}

@Comment{jabref-meta: databaseType:bibtex;}
